%
%The bibitems are sorted by pulication date and author name.

%Book
@article{angeli2009convergence,
  title={Convergence speed of unsteady distributed consensus: decay estimate along the settling spanning-trees},
  author={Angeli, David and Bliman, Pierre-Alexandre},
  journal={SIAM Journal on Control and Optimization},
  volume={48},
  number={1},
  pages={1--32},
  year={2009},
  publisher={SIAM}
}

@article{anthonisse1977exponential,
  title={Exponential convergence of products of stochastic matrices},
  author={Anthonisse, Jac M and Tijms, Henk},
  journal={Journal of Mathematical Analysis and Applications},
  volume={59},
  number={2},
  pages={360--364},
  year={1977},
  publisher={Elsevier}
}

@book{guk2003delay,
  title={Stability of time-delay systems},
  author={Gu, Keqin and Chen, Jie and Kharitonov, Vladimir L},
  year={2003},
  publisher={Springer Science \& Business Media}
}

@book{ben2003generalized,
  title={Generalized inverses: theory and applications},
  author={Ben-Israel, Adi and Greville, Thomas NE},
  volume={15},
  year={2003},
  publisher={Springer Science \& Business Media}
}

@article{blondel2015primitivity,
  title={On primitivity of sets of matrices},
  author={Blondel, Vincent D and Jungers, Rapha{\"e}l M and Olshevsky, Alex},
  journal={Automatica},
  volume={61},
  pages={80--88},
  year={2015},
  publisher={Elsevier}
}

@article{cao1997mobilerobots,
  title={Cooperative mobile robotics: Antecedents and directions},
  author={Cao, Y Uny and Fukunaga, Alex S and Kahng, Andrew},
  journal={Autonomous robots},
  volume={4},
  number={1},
  pages={7--27},
  year={1997},
  publisher={Kluwer Academic Publishers}
}

@article{caoming2008reaching,
  title={Reaching a consensus in a dynamically changing environment: A graphical approach},
  author={Cao, Ming and Morse, A Stephen and Anderson, Brian DO},
  journal={SIAM Journal on Control and Optimization},
  volume={47},
  number={2},
  pages={575--600},
  year={2008},
  publisher={SIAM}
}

@article{chen2011distributed,
  title={Distributed adaptive tracking control for synchronization of unknown networked Lagrangian systems},
  author={Chen, Gang and Lewis, Frank L},
  journal={IEEE Transactions on Systems, Man, and Cybernetics, Part B: Cybernetics},
  volume={41},
  number={3},
  pages={805--816},
  year={2011},
  publisher={IEEE}
}

@article{chenzhiyongoverview,
  title={Overview: Collective Control of Multi-agent Systems},
  author={Knorn, Steffi and Chen, Zhiyong and Middleton, Richard},
  publisher={IEEE}
}

@book{godsil2013algebraic,
  title={Algebraic graph theory},
  author={Godsil, Chris and Royle, Gordon F},
  volume={207},
  year={2013},
  city={New York, NY},
  publisher={Springer Science \& Business Media}
}

@article{hu2007leader,
  title={Leader-following coordination of multi-agent systems with coupling time delays},
  author={Hu, Jiangping and Hong, Yiguang},
  journal={Physica A: Statistical Mechanics and its Applications},
  volume={374},
  number={2},
  pages={853--863},
  year={2007},
  publisher={Elsevier}
}

@book{huang2004nonlinear,
  title={Nonlinear output regulation: theory and applications},
  author={Huang, Jie},
  city={Philadelphia, PA},
  year={2004},
  publisher={SIAM}
}

@article{jackhale1974infinite,
  title={Functional differential equations with infinite delays},
  author={Hale, Jack K},
  journal={Journal of Mathematical Analysis and Applications},
  volume={48},
  number={1},
  pages={276--283},
  year={1974},
  publisher={Elsevier}
}

@article{jadbabaie2003coordination,
  title={Coordination of groups of mobile autonomous agents using nearest neighbor rules},
  author={Jadbabaie, Ali and Lin, Jie and Morse, A Stephen},
  journal={IEEE Transactions on Automatic Control},
  volume={48},
  number={6},
  pages={988--1001},
  year={2003},
  publisher={IEEE}
}

@article{jankovic2010recursive,
  title={Recursive predictor design for state and output feedback controllers for linear time delay systems},
  author={Jankovic, Mrdjan},
  journal={Automatica},
  volume={46},
  number={3},
  pages={510--517},
  year={2010},
  publisher={Elsevier}
}

@article{lin2008averageconsensus,
  title={Average consensus in networks of multi-agents with both switching topology and coupling time-delay},
  author={Lin, Peng and Jia, Yingmin},
  journal={Physica A: Statistical Mechanics and its Applications},
  volume={387},
  number={1},
  pages={303--313},
  year={2008},
  publisher={Elsevier}
}

@article{lin2009consensusdiscrete,
  title={Consensus of second-order discrete-time multi-agent systems with nonuniform time-delays and dynamically changing topologies},
  author={Lin, Peng and Jia, Yingmin},
  journal={Automatica},
  volume={45},
  number={9},
  pages={2154--2158},
  year={2009},
  publisher={Elsevier}
}


@article{lin2010consensus,
  title={Consensus of a class of second-order multi-agent systems with time-delay and jointly-connected topologies},
  author={Lin, Peng and Jia, Yingmin},
  journal={IEEE Transactions on Automatic Control},
  volume={55},
  number={3},
  pages={778--784},
  year={2010},
  publisher={IEEE}
}

@article{liuguoping2004delay,
  title={Delay-dependent criteria for robust stability of time-varying delay systems},
  author={Wu, Min and He, Yong and She, Jin-Hua and Liu, Guo-Ping},
  journal={Automatica},
  volume={40},
  number={8},
  pages={1435--1439},
  year={2004},
  publisher={Elsevier}
}

@article{lin2007asymptotic,
  title={On asymptotic stabilizability of linear systems with delayed input},
  author={Lin, Zongli and Fang, Haijun},
  journal={IEEE Transactions on Automatic Control},
  volume={52},
  number={6},
  pages={998--1013},
  year={2007},
  publisher={IEEE}
}

@article{lizk2010consensus,
  title={Consensus of multiagent systems and synchronization of complex networks: a unified viewpoint},
  author={Li, Zhongkui and Duan, Zhisheng and Chen, Guanrong and Huang, Lin},
  journal={IEEE Transactions on Circuits and Systems I: Regular Papers},
  volume={57},
  number={1},
  pages={213--224},
  year={2010},
  publisher={IEEE}
}

@article{martinez2007motion,
  title={Motion coordination with distributed information},
  author={Martinez, Sonia and Cortes, Jorge and Bullo, Francesco},
  journal={IEEE Control System Magazine},
  volume={27},
  number={4},
  pages={75--88},
  year={2007},
  publisher={IEEE}
}

@article{moreau2005stability,
  title={Stability of multiagent systems with time-dependent communication links},
  author={Moreau, Luc},
  journal={IEEE Transactions on Automatic Control},
  volume={50},
  number={2},
  pages={169--182},
  year={2005},
  publisher={IEEE}
}

@inproceedings{moreau2004stability,
  title={Stability of continuous-time distributed consensus algorithms},
  author={Moreau, Luc},
  booktitle={43rd IEEE Conference on Decision and Control, 2004.},
  volume={4},
  pages={3998--4003},
  year={2004},
  organization={IEEE}
}

@article{munz2010delayautomatica,
  title={Delay robustness in consensus problems},
  author={M{\"u}nz, Ulrich and Papachristodoulou, Antonis and Allg{\"o}wer, Frank},
  journal={Automatica},
  volume={46},
  number={8},
  pages={1252--1265},
  year={2010},
  publisher={Elsevier}
}

@book{munz2010delay,
  title={Delay robustness in cooperative control},
  author={M{\"u}nz, Ulrich},
  year={2010},
  publisher={Logos Verlag Berlin GmbH}
}

@article{munz2011consensus,
  title={Consensus in multi-agent systems with coupling delays and switching topology},
  author={M{\"u}nz, Ulrich and Papachristodoulou, Antonis and Allg{\"o}wer, Frank},
  journal={IEEE Transactions on Automatic Control},
  volume={56},
  number={12},
  pages={2976--2982},
  year={2011},
  publisher={IEEE}
}

@article{munz2012delay,
  title={Delay robustness in non-identical multi-agent systems},
  author={M{\"u}nz, Ulrich and Papachristodoulou, Antonis and Allg{\"o}wer, Frank},
  journal={IEEE Transactions on Automatic Control},
  volume={57},
  number={6},
  pages={1597--1603},
  year={2012},
  publisher={IEEE}
}

@article{olfati2004consensus,
  title={Consensus problems in networks of agents with switching topology and time-delays},
  author={Olfati-Saber, Reza and Murray, Richard M},
  journal={IEEE Transactions on Automatic Control},
  volume={49},
  number={9},
  pages={1520--1533},
  year={2004},
  publisher={IEEE}
}

@article{olfati2007consensus,
  title={Consensus and cooperation in networked multi-agent systems},
  author={Olfati-Saber, Reza and Fax, J Alex and Murray, Richard M},
  journal={Proceedings of the IEEE},
  volume={95},
  number={1},
  pages={215--233},
  year={2007},
  publisher={IEEE}
}

@article{olfati2006flocking,
  title={Flocking for multi-agent dynamic systems: Algorithms and theory},
  author={Olfati-Saber, Reza},
  journal={IEEE Transactions on Automatic Control},
  volume={51},
  number={3},
  pages={401--420},
  year={2006},
  publisher={IEEE}
}

@article{penrose1955generalizedinverse,
  title={A generalized inverse for matrices},
  author={Penrose, Roger},
  journal={Mathematical proceedings of the Cambridge philosophical society},
  volume={51},
  number={03},
  pages={406--413},
  year={1955},
  publisher={Cambridge Univ Press}
}

@article{ren2005consensus,
  title={Consensus seeking in multiagent systems under dynamically changing interaction topologies},
  author={Ren, Wei and Beard, Randal W},
  journal={IEEE Transactions on Automatic Control},
  volume={50},
  number={5},
  pages={655--661},
  year={2005}
}

@article{ren2007formation,
  title={Formation keeping and attitude alignment for multiple spacecraft through local interactions},
  author={Ren, Wei},
  journal={Journal of Guidance, Control, and Dynamics},
  volume={30},
  number={2},
  pages={633--638},
  year={2007}
}

@article{richard2003timeoverview,
  title={Time-delay systems: an overview of some recent advances and open problems},
  author={Richard, Jean-Pierre},
  journal={Automatica},
  volume={39},
  number={10},
  pages={1667--1694},
  year={2003},
  publisher={Elsevier}
}

@article{scardovi2009synchronization,
  title={Synchronization in networks of identical linear systems},
  author={Scardovi, Luca and Sepulchre, Rodolphe},
  journal={Automatica},
  volume={45},
  number={11},
  pages={2557--2562},
  year={2009},
  publisher={Elsevier}
}

@article{su2012cooperative,
  title={Cooperative output regulation with application to multi-agent consensus under switching network},
  author={Su, Youfeng and Huang, Jie},
  journal={ IEEE Transactions on Systems, Man, and Cybernetics,Part B: Cybernetics},
  volume={42},
  number={3},
  pages={864--875},
  year={2012},
  publisher={IEEE}
}

@article{sun-wanglong2009consensus,
  title={Consensus of multi-agent systems in directed networks with nonuniform time-varying delays},
  author={Sun, Yuan Gong and Wang, Long},
  journal={IEEE Transactions on Automatic Control},
  volume={54},
  number={7},
  pages={1607--1613},
  year={2009},
  publisher={IEEE}
}

@article{tan2013consensus,
  title={Consensus of discrete-time linear networked multi-agent systems with communication delays},
  author={Tan, Chong and Liu, Guo-Ping},
  journal={IEEE Transactions on Automatic Control},
  volume={58},
  number={11},
  pages={2962--2968},
  year={2013},
  publisher={IEEE}
}

@article{tian2008consensus,
  title={Consensus of multi-agent systems with diverse input and communication delays},
  author={Tian, Yu-Ping and Liu, Cheng-Lin},
  journal={IEEE Transactions on Automatic Control},
  volume={53},
  number={9},
  pages={2122--2128},
  year={2008},
  publisher={IEEE}
}

@article{wang2007new,
  title={A new approach to consensus problems in discrete-time multiagent systems with time-delays},
  author={Wang, Long and Xiao, Feng},
  journal={Science in China Series F: Information Sciences},
  volume={50},
  number={4},
  pages={625--635},
  year={2007},
  publisher={Springer}
}


@article{wang2010nocycle,
  title={A distributed control approach to a robust output regulation problem for multi-agent linear systems},
  author={Wang, Xiaoli and Hong, Yiguang and Huang, Jie and Jiang, Zhong-Ping},
  journal={IEEE Transactions on Automatic Control},
  volume={55},
  number={12},
  pages={2891--2895},
  year={2010},
  publisher={Institute of Electrical and Electronics Engineers}
}


@article{wang2014consensusability,
  title={Consensusability of multi-agent systems with time-varying communication delay},
  author={Wang, Zhenhua and Xu, Juanjuan and Zhang, Huanshui},
  journal={Systems \& Control Letters},
  volume={65},
  pages={37--42},
  year={2014},
  publisher={Elsevier}
}

@article{wangxu2013consensusdelay,
  title={Consensus in the network with uniform constant communication delay},
  author={Wang, Xu and Saberi, Ali and Stoorvogel, Anton A and Grip, H{\aa}vard Fj{\ae}r and Yang, Tao},
  journal={Automatica},
  volume={49},
  number={8},
  pages={2461--2467},
  year={2013},
  publisher={Elsevier}
}

@article{wieland2011internal,
  title={An internal model principle is necessary and sufficient for linear output synchronization},
  author={Wieland, Peter and Sepulchre, Rodolphe and Allg{\"o}wer, Frank},
  journal={Automatica},
  volume={47},
  number={5},
  pages={1068--1074},
  year={2011},
  publisher={Elsevier}
}

@article{wolfowitz1963products,
  title={Products of indecomposable, aperiodic, stochastic matrices},
  author={Wolfowitz, Jacob},
  journal={Proceedings of the American Mathematical Society},
  volume={14},
  number={5},
  pages={733--737},
  year={1963},
  publisher={JSTOR}
}

@article{wu2006synchronization,
  title={Synchronization and convergence of linear dynamics in random directed networks},
  author={Wu, Chai Wah},
  journal={IEEE Transactions on Automatic Control},
  volume={51},
  number={7},
  pages={1207--1210},
  year={2006},
  publisher={IEEE}
}

@article{xiao2008consensus,
  title={Consensus protocols for discrete-time multi-agent systems with time-varying delays},
  author={Xiao, Feng and Wang, Long},
  journal={Automatica},
  volume={44},
  number={10},
  pages={2577--2582},
  year={2008},
  publisher={Elsevier}
}

@article{xiao2008asynchronous,
  title={Asynchronous consensus in continuous-time multi-agent systems with switching topology and time-varying delays},
  author={Xiao, Feng and Wang, Long},
  journal={IEEE Transactions on Automatic Control},
  volume={53},
  number={8},
  pages={1804--1816},
  year={2008},
  publisher={IEEE}
}

@article{xiao2009finite,
  title={Finite-time formation control for multi-agent systems},
  author={Xiao, Feng and Wang, Long and Chen, Jie and Gao, Yanping},
  journal={Automatica},
  volume={45},
  number={11},
  pages={2605--2611},
  year={2009},
  publisher={Elsevier}
}

@article{yoon2015predictor,
  title={Predictor based control of linear systems with state, input and output delays},
  author={Yoon, Se Young and Lin, Zongli},
  journal={Automatica},
  volume={53},
  pages={385--391},
  year={2015},
  publisher={Elsevier}
}

@article{you2011network,
  title={Network topology and communication data rate for consensusability of discrete-time multi-agent systems},
  author={You, Keyou and Xie, Lihua},
  journal={IEEE Transactions on Automatic Control},
  volume={56},
  number={10},
  pages={2262--2275},
  year={2011},
  publisher={IEEE}
}

@article{yu2010secondorder,
  title={Some necessary and sufficient conditions for second-order consensus in multi-agent dynamical systems},
  author={Yu, Wenwu and Chen, Guanrong and Cao, Ming},
  journal={Automatica},
  volume={46},
  number={6},
  pages={1089--1095},
  year={2010},
  publisher={Elsevier}
}






@article{G-xux2016consensus,
  title={Consensus of single integrator multi-agent systems with directed topology and communication delays},
  author={Xu, Xiang and Liu, Lu and Feng, Gang},
  journal={Control Theory and Technology},
  volume={14},
  number={1},
  pages={21--27},
  year={2016},
  publisher={Springer}
}



@article{G-feng2002discrete,
  title={Stability analysis of piecewise discrete time linear systems},
  author={Feng, Gang},
  volume={47},
  number={7},
  pages={1108--1112},
  journal={IEEE Transactions on Automatic Control},
  year={2002},
  publisher={IEEE}
}

@article{G-feng2002uncertain,
  title={Controller design and analysis of uncertain piecewise-linear systems},
  author={Feng, Gang},
  journal={IEEE Transactions on Circuits and Systems I: Fundamental Theory and Applications},
  volume={49},
  number={2},
  pages={224--232},
  year={2002},
  publisher={IEEE}
}

@article{G-feng2003observer,
  title={Observer-based output feedback controller design of piecewise discrete-time linear systems},
  author={Feng, Gang},
  journal={IEEE Transactions on Circuits and Systems I: Fundamental Theory and Applications},
  volume={50},
  number={3},
  pages={448--451},
  year={2003},
  publisher={IEEE}
}

@article{G-qiu2010fuzzy,
  title={Fuzzy-model-based piecewise static-output-feedback controller design for networked nonlinear systems},
  author={Qiu, Jianbin and Feng, Gang and Gao, Huijun},
  journal={IEEE Transactions on Fuzzy Systems},
  volume={18},
  number={5},
  pages={919--934},
  year={2010},
  publisher={IEEE}
}

@article{G-qiu2009new,
  title={A New Design of Delay-Dependent Robust Filtering for Discrete-Time T--S Fuzzy Systems With Time-Varying Delay},
  author={Qiu, Jianbin and Feng, Gang and Yang, Jie},
  journal={IEEE Transactions on Fuzzy Systems},
  volume={17},
  number={5},
  pages={1044--1058},
  year={2009},
  publisher={IEEE}
}

@article{G-zhang2012packetloss,
  title={Multi-rate distributed fusion estimation for sensor networks with packet losses},
  author={Zhang, Wen-An and Feng, Gang and Yu, Li},
  journal={Automatica},
  volume={48},
  number={9},
  pages={2016--2028},
  year={2012},
  publisher={Elsevier}
}

@article{G-zhang2011optimal,
  title={Optimal linear estimation for networked systems with communication constraints},
  author={Zhang, Wen-An and Yu, Li and Feng, Gang},
  journal={Automatica},
  volume={47},
  number={9},
  pages={1992--2000},
  year={2011},
  publisher={Elsevier}
}

@article{G-hu2010distributed,
  title={Distributed tracking control of leader--follower multi-agent systems under noisy measurement},
  author={Hu, Jiangping and Feng, Gang},
  journal={Automatica},
  volume={46},
  number={8},
  pages={1382--1387},
  year={2010},
  publisher={Elsevier}
}

@article{G-fan2011novel,
  title={A novel approach to coordination of multiple robots with communication failures via proximity graph},
  author={Fan, Yuan and Feng, Gang and Wang, Yong and Qiu, Jianbin},
  journal={Automatica},
  volume={47},
  number={8},
  pages={1800--1805},
  year={2011},
  publisher={Elsevier}
}

@article{G-song2011decentralized,
  title={Decentralized adaptive awareness coverage control for multi-agent networks},
  author={Song, Cheng and Feng, Gang and Fan, Yuan and Wang, Yong},
  journal={Automatica},
  volume={47},
  number={12},
  pages={2749--2756},
  year={2011},
  publisher={Elsevier}
}

@article{G-fan2013virtual,
  title={Virtual neighbor based connectivity preserving of multi-agent systems with bounded control inputs in the presence of unreliable communication links},
  author={Fan, Yuan and Liu, Lu and Feng, Gang and Song, Cheng and Wang, Yong},
  journal={Automatica},
  volume={49},
  number={5},
  pages={1261--1267},
  year={2013},
  publisher={Elsevier}
}

@article{G-song2013persistent,
  title={Persistent awareness coverage control for mobile sensor networks},
  author={Song, Cheng and Liu, Lu and Feng, Gang and Wang, Yong and Gao, Qing},
  journal={Automatica},
  volume={49},
  number={6},
  pages={1867--1873},
  year={2013},
  publisher={Elsevier}
}

@article{G-fan2013distributed,
  title={Distributed event-triggered control of multi-agent systems with combinational measurements},
  author={Fan, Yuan and Feng, Gang and Wang, Yong and Song, Cheng},
  journal={Automatica},
  volume={49},
  number={2},
  pages={671--675},
  year={2013},
  publisher={Elsevier}
}

@article{G-zhu2014event,
  title={Event-based consensus of multi-agent systems with general linear models},
  author={Zhu, Wei and Jiang, Zhong-Ping and Feng, Gang},
  journal={Automatica},
  volume={50},
  number={2},
  pages={552--558},
  year={2014},
  publisher={Elsevier}
}

@article{G-xus2012robustdelay,
  title={Robust controller design of uncertain discrete time-delay systems with input saturation and disturbances},
  author={Xu, Shengyuan and Feng, Gang and Zou, Yun and Huang, Jie},
  journal={IEEE Transactions on Automatic Control},
  volume={57},
  number={10},
  pages={2604--2609},
  year={2012},
  publisher={IEEE}
}
